@article{BowenGrigorchukKravchenko2015,
	title        = {Invariant random subgroups of lamplighter groups},
	author       = {Bowen, Lewis and Grigorchuk, Rostislav and Kravchenko, Rostyslav},
	year         = 2015,
	journal      = {Israel J. Math.},
	volume       = 207,
	number       = 2,
	pages        = {763--782},
	doi          = {10.1007/s11856-015-1160-1},
	issn         = {0021-2172,1565-8511},
	url          = {https://doi.org/10.1007/s11856-015-1160-1},
	fjournal     = {Israel Journal of Mathematics},
	mrclass      = {20F65 (20E22 22D10 22F10)},
	mrnumber     = 3359717
}
@article{BowenGrigorchukKravchenko2017,
	title        = {Characteristic random subgroups of geometric groups and free abelian groups of infinite rank},
	author       = {Bowen, Lewis and Grigorchuk, Rostislav and Kravchenko, Rostyslav},
	year         = 2017,
	journal      = {Trans. Amer. Math. Soc.},
	volume       = 369,
	number       = 2,
	pages        = {755--781},
	doi          = {10.1090/tran/6695},
	issn         = {0002-9947},
	url          = {https://doi.org/10.1090/tran/6695},
	fjournal     = {Transactions of the American Mathematical Society},
	mrclass      = {22F10 (20F67 20K20 37A05)},
	mrnumber     = 3572253,
	mrreviewer   = {Fran\c{c}ois Dahmani}
}
@article{Cornulier2011,
	title        = {On the {C}antor-{B}endixson rank of metabelian groups},
	author       = {Cornulier, Yves},
	year         = 2011,
	journal      = {Ann. Inst. Fourier (Grenoble)},
	volume       = 61,
	number       = 2,
	pages        = {593--618},
	doi          = {10.5802/aif.2623},
	issn         = {0373-0956},
	url          = {https://doi.org/10.5802/aif.2623},
	fjournal     = {Universit\'{e} de Grenoble. Annales de l'Institut Fourier},
	mrclass      = {20F16 (20E15 57M07)},
	mrnumber     = 2895067,
	mrreviewer   = {J. S. Birman}
}
@article{Deroin2013,
	title        = {The {P}oisson boundary of a locally discrete group of diffeomorphisms of the circle},
	author       = {Deroin, Bertrand},
	year         = 2013,
	journal      = {Ergodic Theory Dynam. Systems},
	volume       = 33,
	number       = 2,
	pages        = {400--415},
	doi          = {10.1017/S0143385711001155},
	issn         = {0143-3857,1469-4417},
	url          = {https://doi.org/10.1017/S0143385711001155},
	fjournal     = {Ergodic Theory and Dynamical Systems},
	mrclass      = {37E10},
	mrnumber     = 3035290
}
@article{DeroinKleptsynNavas2007,
	title        = {Sur la dynamique unidimensionnelle en r\'{e}gularit\'{e} interm\'{e}diaire},
	author       = {Deroin, Bertrand and Kleptsyn, Victor and Navas, Andr\'{e}s},
	year         = 2007,
	journal      = {Acta Math.},
	volume       = 199,
	number       = 2,
	pages        = {199--262},
	doi          = {10.1007/s11511-007-0020-1},
	issn         = {0001-5962},
	url          = {https://doi.org/10.1007/s11511-007-0020-1},
	fjournal     = {Acta Mathematica},
	mrclass      = {37C85 (34D08 37E10)},
	mrnumber     = 2358052,
	mrreviewer   = {Shigenori Matsumoto}
}
@article{Erschler2003,
	title        = {Liouville property for groups and manifolds},
	author       = {Erschler, Anna},
	year         = 2004,
	journal      = {Invent. Math.},
	volume       = 155,
	number       = 1,
	pages        = {55--80},
	doi          = {10.1007/s00222-003-0314-7},
	issn         = {0020-9910},
	url          = {https://doi.org/10.1007/s00222-003-0314-7},
	fjournal     = {Inventiones Mathematicae},
	mrclass      = {43A85 (20P05 28D20 43A07 60B15 60G50 60J50)},
	mrnumber     = 2025301,
	mrreviewer   = {Anatoly N. Kochubei}
}
@article{GrigorchukKravchenko2014,
	title        = {On the lattice of subgroups of the lamplighter group},
	author       = {Grigorchuk, R. and Kravchenko, R.},
	year         = 2014,
	journal      = {Internat. J. Algebra Comput.},
	volume       = 24,
	number       = 6,
	pages        = {837--877},
	doi          = {10.1142/S0218196714500374},
	issn         = {0218-1967,1793-6500},
	url          = {https://doi.org/10.1142/S0218196714500374},
	fjournal     = {International Journal of Algebra and Computation},
	mrclass      = {20E15 (20E08 20E18 20E22)},
	mrnumber     = 3278388,
	mrreviewer   = {Rebecca\ A. H. Waldecker}
}
@article {Kaimanovich1985,
	AUTHOR = {Kaimanovich, V. A.},
	TITLE = {An entropy criterion of maximality for the boundary of random
	walks on discrete groups},
	JOURNAL = {Dokl. Akad. Nauk SSSR},
	FJOURNAL = {Doklady Akademii Nauk SSSR},
	VOLUME = {280},
	YEAR = {1985},
	NUMBER = {5},
	PAGES = {1051--1054},
	ISSN = {0002-3264},
	MRCLASS = {60B15 (60J15)},
	MRNUMBER = {780288},
	MRREVIEWER = {V.\ M.\ Maksimov},
}
@article {Kaimanovich2000,
	AUTHOR = {Kaimanovich, Vadim A.},
	TITLE = {The {P}oisson formula for groups with hyperbolic properties},
	JOURNAL = {Ann. of Math. (2)},
	FJOURNAL = {Annals of Mathematics. Second Series},
	VOLUME = {152},
	YEAR = {2000},
	NUMBER = {3},
	PAGES = {659--692},
	ISSN = {0003-486X,1939-8980},
	MRCLASS = {60J35 (20F67 28D20 31C05 60G50 60J50)},
	MRNUMBER = {1815698},
	MRREVIEWER = {Wolfgang\ Woess},
	DOI = {10.2307/2661351},
	URL = {https://doi.org/10.2307/2661351},
}
@incollection{Kaimanovich2017,
	title        = {Thompson's group {$F$} is not {L}iouville},
	author       = {Kaimanovich, Vadim A.},
	year         = 2017,
	booktitle    = {Groups, graphs and random walks},
	publisher    = {Cambridge Univ. Press, Cambridge},
	series       = {London Math. Soc. Lecture Note Ser.},
	volume       = 436,
	pages        = {300--342},
	isbn         = {978-1-316-60440-3},
	mrclass      = {05C81 (05C25 20F65 60B15 60J05 60J50)},
	mrnumber     = 3644013,
	mrreviewer   = {Dmytro\ M.\ Savchuk}
}
@inproceedings{Navas2018,
	title        = {Group actions on 1-manifolds: a list of very concrete open questions},
	author       = {Navas, Andr{\'e}s},
	year         = 2018,
	booktitle    = {Proceedings of the {I}nternational {C}ongress of {M}athematicians---{R}io de {J}aneiro 2018. {V}ol. {III}. {I}nvited lectures},
	publisher    = {World Sci. Publ., Hackensack, NJ},
	pages        = {2035--2062},
	isbn         = {978-981-3272-92-7; 978-981-3272-87-3},
	mrclass      = {37C85 (20F60 22F50 37E10 57R30)},
	mrnumber     = 3966841
}
